This file was created by bibmanager
https://pcubillos.github.io/bibmanager/

@inbook{grynkiewicz_2013, title={The Polynomial Method: The Erdos:Heilbronn Conjecture}, volume={30}, booktitle={Structural additive theory}, publisher={Springer}, author={Grynkiewicz, David J.}, year={2013}}
@article{qdyson_2014, title={A simple proof of the Zeilberger–Bressoud -Dyson theorem}, volume={142}, DOI={10.1090/s0002-9939-2014-12041-7}, number={9}, journal={Proceedings of the American Mathematical Society}, author={Károlyi, Gyula and Nagy, Zoltán}, year={2014}, month={Sep}, pages={3007–3011}}
